<record><leader>00000cas a2200000 a 4500</leader><controlfield tag="001">11341940</controlfield><controlfield tag="008">841102d183118uukyuwr ne      0    0eng c</controlfield><datafield ind1=" " ind2=" " tag="010"><subfield code="a">sn 84038552 </subfield></datafield><datafield ind1=" " ind2=" " tag="040"><subfield code="a">NPX</subfield><subfield code="b">eng</subfield><subfield code="c">NPX</subfield><subfield code="d">KNP</subfield><subfield code="d">NPH</subfield><subfield code="d">KNP</subfield><subfield code="d">DLC</subfield><subfield code="d">KNP</subfield><subfield code="d">CNK</subfield><subfield code="d">CVF</subfield><subfield code="d">OCL</subfield><subfield code="d">OCLCQ</subfield><subfield code="d">OCLCF</subfield><subfield code="d">OCLCO</subfield></datafield><datafield ind1="1" ind2=" " tag="029"><subfield code="a">AU@</subfield><subfield code="b">000004799053</subfield></datafield><datafield ind1=" " ind2=" " tag="042"><subfield code="a">pcc</subfield></datafield><datafield ind1=" " ind2=" " tag="043"><subfield code="a">n-us-ky</subfield></datafield><datafield ind1="0" ind2=" " tag="130"><subfield code="a">Louisville journal (Louisville, Ky. : Weekly)</subfield></datafield><datafield ind1="1" ind2="0" tag="245"><subfield code="a">Louisville journal.</subfield></datafield><datafield ind1=" " ind2=" " tag="260"><subfield code="a">Louisville, Ky. :</subfield><subfield code="b">Prentice &amp; Buxton</subfield></datafield><datafield ind1=" " ind2=" " tag="300"><subfield code="a">v. :</subfield><subfield code="b">ill.</subfield></datafield><datafield ind1=" " ind2=" " tag="310"><subfield code="a">Weekly</subfield></datafield><datafield ind1="1" ind2=" " tag="362"><subfield code="a">Began in 1831?</subfield></datafield><datafield ind1=" " ind2=" " tag="588"><subfield code="a">Description based on: Vol. 1, no. 38 (Aug. 17, 1831).</subfield></datafield><datafield ind1=" " ind2="0" tag="651"><subfield code="a">Louisville (Ky.)</subfield><subfield code="v">Newspapers.</subfield></datafield><datafield ind1=" " ind2="0" tag="651"><subfield code="a">Jefferson County (Ky.)</subfield><subfield code="v">Newspapers.</subfield></datafield><datafield ind1=" " ind2="7" tag="655"><subfield code="a">Newspapers.</subfield><subfield code="2">fast</subfield><subfield code="0">(OCoLC)fst01423814</subfield></datafield><datafield ind1=" " ind2="7" tag="651"><subfield code="a">Kentucky</subfield><subfield code="z">Jefferson County.</subfield><subfield code="2">fast</subfield><subfield code="0">(OCoLC)fst01205464</subfield></datafield><datafield ind1=" " ind2="7" tag="651"><subfield code="a">Kentucky</subfield><subfield code="z">Louisville.</subfield><subfield code="2">fast</subfield><subfield code="0">(OCoLC)fst01204602</subfield></datafield><datafield ind1=" " ind2=" " tag="752"><subfield code="a">United States</subfield><subfield code="b">Kentucky</subfield><subfield code="c">Jefferson</subfield><subfield code="d">Louisville.</subfield></datafield><datafield ind1="0" ind2=" " tag="775"><subfield code="t">Louisville daily journal (Louisville, Ky. : 1830)</subfield><subfield code="w">(DLC)sn 82016277</subfield><subfield code="w">(OCoLC)9270167</subfield></datafield><datafield ind1="0" ind2=" " tag="775"><subfield code="t">Daily journal and focus</subfield><subfield code="w">(DLC)sn 83016362</subfield><subfield code="w">(OCoLC)9755047</subfield></datafield><datafield ind1="0" ind2=" " tag="775"><subfield code="t">Louisville daily journal (Louisville, Ky. : 1833)</subfield><subfield code="w">(DLC)sn 84027471</subfield><subfield code="w">(OCoLC)11207218</subfield></datafield><datafield ind1="0" ind2="0" tag="780"><subfield code="t">Journal and focus</subfield><subfield code="w">(DLC)sn 86069208</subfield><subfield code="w">(OCoLC)13744358</subfield></datafield><datafield ind1="0" ind2="0" tag="785"><subfield code="t">Louisville weekly journal</subfield><subfield code="w">(DLC)sn 82016286</subfield><subfield code="w">(OCoLC)9271928</subfield></datafield></record>